<?xml version="1.0" encoding="UTF-8"?><collection xmlns="http://www.loc.gov/MARC21/slim"><record><leader>00495nam--2200145-i-4500</leader><controlfield tag="001">000003488</controlfield><controlfield tag="002">20161230</controlfield><controlfield tag="005">20161230201025</controlfield><controlfield tag="008">060222s1000------------r-----000-0-eng-d</controlfield><datafield ind1=" " ind2=" " tag="080"><subfield code="a">621.318.124:621.382:621.315.592</subfield></datafield><datafield ind1=" " ind2=" " tag="100"><subfield code="a">Berlin, A.A., Parini, V.P., Usacov, S.N</subfield></datafield><datafield ind1=" " ind2=" " tag="245"><subfield code="a">Cercetari sovietice in domeniul maselor plasti ce. traducere din literatura sovietica de spec ialitate</subfield></datafield><datafield ind1=" " ind2=" " tag="260"><subfield code="a">Bucuresti, Edit.Academiei Rpr, 1953 150 P. + Erata</subfield></datafield><datafield ind1=" " ind2=" " tag="490"><subfield code="a">Academia Rpr, Isrs</subfield></datafield><datafield ind1=" " ind2=" " tag="852"><subfield code="a">3140</subfield></datafield></record></collection>